@BOOK{bembo:donnini,
title = {Le rime},
publisher = {Salerno},
year = {2008},
editor = {Donnini, Andrea},
author = {Bembo, Pietro},
location = {Roma},
owner = {matteo},
timestamp = {2012.03.14},
volumes = {2}
}
